@article{scikit-learn,
 title={Scikit-learn: Machine Learning in {P}ython},
 author={Pedregosa, F. and Varoquaux, G. and Gramfort, A. and Michel, V.
         and Thirion, B. and Grisel, O. and Blondel, M. and Prettenhofer, P.
         and Weiss, R. and Dubourg, V. and Vanderplas, J. and Passos, A. and
         Cournapeau, D. and Brucher, M. and Perrot, M. and Duchesnay, E.},
 journal={Journal of Machine Learning Research},
 volume={12},
 pages={2825--2830},
 year={2011}
}
@inproceedings{harris1988,
  title={A Combined Corner and Edge Detector},
  author={Christopher G. Harris and Mike Stephens},
  booktitle={Alvey Vision Conference},
  year={1988}
}

@inproceedings{krizhevsky2012imagenet,
  title={Imagenet classification with deep convolutional neural networks},
  author={Krizhevsky, Alex and Sutskever, Ilya and Hinton, Geoffrey E},
  booktitle={Advances in neural information processing systems},
  pages={1097--1105},
  year={2012}
}

@INPROCEEDINGS{hog, 
author={N. Dalal and B. Triggs}, 
booktitle={2005 IEEE Computer Society Conference on Computer Vision and Pattern Recognition (CVPR'05)}, 
title={Histograms of oriented gradients for human detection}, 
year={2005}, 
volume={1}, 
number={}, 
pages={886-893 vol. 1}, 
keywords={object detection;support vector machines;object recognition;feature extraction;gradient methods;histograms of oriented gradients;human detection;robust visual object recognition;linear SVM;edge based descriptors;gradient based descriptors;fine-scale gradients;fine orientation binning;coarse spatial binning;contrast normalization;overlapping descriptor;pedestrian database;Histograms;Humans;Robustness;Object recognition;Support vector machines;Object detection;Testing;Image edge detection;High performance computing;Image databases}, 
doi={10.1109/CVPR.2005.177}, 
ISSN={1063-6919}, 
month={June},}